<?xml version="1.0" encoding="UTF-8"?><collection xmlns="http://www.loc.gov/MARC21/slim"><record><leader>00677nam--2200229-u-4500</leader><controlfield tag="001">000053127</controlfield><controlfield tag="002">20161230</controlfield><controlfield tag="005">20161230201051</controlfield><controlfield tag="008">110106s1000------------r-----000-0-eng-d</controlfield><datafield ind1=" " ind2=" " tag="020"><subfield code="a">0852743289</subfield></datafield><datafield ind1=" " ind2=" " tag="040"><subfield code="a">IIFIN-HH</subfield></datafield><datafield ind1=" " ind2=" " tag="080"><subfield code="a">539.12</subfield></datafield><datafield ind1="1" ind2=" " tag="100"><subfield code="a">Aitchison, Ian J.R</subfield></datafield><datafield ind1="1" ind2="0" tag="245"><subfield code="a">Guage theories in particle physics</subfield><subfield code="b">A practical introduction</subfield><subfield code="c">Ian j.r. aitchison; anthony j.g. hey</subfield></datafield><datafield ind1=" " ind2=" " tag="250"><subfield code="a">Second Edition</subfield></datafield><datafield ind1=" " ind2=" " tag="260"><subfield code="a">PHILADELPHIA</subfield><subfield code="b">Institute Of Physics Publishing</subfield><subfield code="c">1989</subfield></datafield><datafield ind1=" " ind2=" " tag="300"><subfield code="a">571P</subfield></datafield><datafield ind1=" " ind2=" " tag="490"><subfield code="a">Graduate Student Series In Physics</subfield></datafield><datafield ind1=" " ind2="4" tag="650"><subfield code="a">Gauge Theories</subfield></datafield><datafield ind1="1" ind2=" " tag="700"><subfield code="a">Hey, Anthony J.G</subfield></datafield><datafield ind1=" " ind2=" " tag="852"><subfield code="a">81393</subfield><subfield code="c">539.12</subfield></datafield><datafield ind1=" " ind2=" " tag="CAT"><subfield code="a">Sys</subfield><subfield code="c">20110106</subfield><subfield code="h">131907</subfield></datafield></record></collection>